%% This BibTeX bibliography file was created using BibDesk.
%% http://bibdesk.sourceforge.net/

%% Created for Tanguy Racine at 2016-10-25 17:26:12 +0100 


%% Saved with string encoding Unicode (UTF-8) 



@article{Marquinez78,
	Author = {Marqu{\'\i}nez, J.},
	Date-Added = {2016-10-25 16:21:12 +0000},
	Date-Modified = {2016-10-25 16:23:12 +0000},
	Journal = {Trabajos de Geolog{\'\i}a de la Uni- versidad de Oviedo},
	Pages = {295--315},
	Title = {Estudio geol{\'o}gico del sector SE de los Picos de Europa (Cordillera Cant{\'a}brica, NW de Espa{\~n}a)},
	Volume = {10},
	Year = { 1978,}}

@inbook{tucker01,
	Author = {Tucker, M. E.},
	Date-Added = {2016-10-25 16:14:04 +0000},
	Date-Modified = {2016-10-25 16:15:00 +0000},
	Publisher = {Oxford,Blackwell Science},
	Title = {Sedimentary petrology: an introduction to the origin of sedimentary rocks},
	Year = {2001}}

@incollection{Villa09,
	Author = {Villa, E.  and S{\'a}nchez de Posada, L.C. },
	Booktitle = { Spanish Geological Frameworks and Egoists},
	Chapter = { 3},
	Date-Added = {2016-10-25 16:10:34 +0000},
	Date-Modified = {2016-10-25 16:12:28 +0000},
	Editor = {Garc{\'\i}a-Cort{\'e}s, {\'A}.},
	Pages = {44},
	Publisher = {Publications of the geological survey of Spain (IGME)},
	Title = {Carboniferous of the Cantabrian Zone},
	Year = {2009}}

@article{Weil01,
	Author = {Weil, A.B. and Van der Voo, R. and van der Pluijm, B.A.},
	Date-Added = {2016-10-25 16:04:52 +0000},
	Date-Modified = {2016-10-25 16:06:03 +0000},
	Journal = {Geology},
	Pages = {991--994},
	Title = {Oroclinal bending and evidence against the Pangea megashear: The Cantabria-Asturias arc (northern Spain)},
	Volume = {29},
	Year = {2001}}

@article{Alvarez88,
	Author = {{\'A}lvarez-Marr{\'o}n, J., and P{\'e}rez-Esta{\'u}n, A.},
	Date-Added = {2016-10-25 16:00:19 +0000},
	Date-Modified = {2016-10-25 16:02:15 +0000},
	Journal = { Geologische Rundschau},
	Pages = {539--550},
	Title = {Thin-skinned tectonics in the Ponga region (Cantabrian zone, NW Spain)},
	Volume = {77},
	Year = {1988}}

@article{Julivert86,
	Author = {Julivert, M., and Arboleya, M.L.},
	Date-Added = {2016-10-25 15:59:08 +0000},
	Date-Modified = {2016-10-25 16:00:14 +0000},
	Journal = {Journal of Structural Geology},
	Pages = {407--414},
	Title = {Areal balancing and estimate of areal reduction in a thin skinned fold-and- thrust belt (Cantabrian zone, NW Spain): Constraints on its emplacement mechanisms},
	Volume = {8},
	Year = {1986}}

@article{Matte01,
	Author = {Matte, P.},
	Date-Added = {2016-10-25 15:57:19 +0000},
	Date-Modified = {2016-10-25 15:58:25 +0000},
	Journal = {Terra Nova},
	Pages = {122--128},
	Title = {The Variscan collage and orogeny (480-- 290 Ma) and the tectonic definition of the Armorica microplate: A review},
	Volume = {13},
	Year = {2001}}

@article{Merino09,
	Author = {Oscar A. Merino-Tom{\'e} and Juan R. Bahamonde and  Juan R. Colmenero and Nemesio Heredia and Elisa Villa and Pedro Farias},
	Date-Added = {2016-10-25 15:40:53 +0000},
	Date-Modified = {2016-10-25 15:43:02 +0000},
	Journal = {Geological Society of America Bulletin},
	Number = {5-6},
	Pages = {729-751},
	Title = {Emplacement of the Cuera and Picos de Europa imbricate system at the core of the Iberian-Armorican arc (Cantabrian zone, north Spain): New precisions concerning the timing of arc closure},
	Volume = {121},
	Year = {2009}}

@incollection{Rodriguez90,
	Address = {Berlin},
	Author = {Rodr{\'\i}guez-Fern{\'a}ndez, L.R. and Heredia, N. },
	Booktitle = { Pre-Mesozoic geology of Iberia},
	Date-Added = {2016-10-25 14:39:08 +0000},
	Date-Modified = {2016-10-25 14:40:58 +0000},
	Editor = {Dallmeyer, R.D. and Mart{\'\i}nez-Garc{\'\i}a, E.},
	Pages = {69--71},
	Publisher = {Springer-Verlag},
	Title = {Palentine zone structure},
	Year = {1990}}

@article{Lotze45,
	Author = {Lotze, F.},
	Date-Added = {2016-10-25 14:32:44 +0000},
	Date-Modified = {2016-10-25 14:33:47 +0000},
	Journal = {Geotektonische Forschungen},
	Pages = {78--92},
	Title = {Zur Gliederung der Varisziden der Iberischen Meseta },
	Volume = {6},
	Year = {1945}}

@article{Martinez81,
	Author = {Mart{\'\i}nez-Garc{\'\i}a, E.},
	Date-Added = {2016-10-25 14:25:20 +0000},
	Date-Modified = {2016-10-25 14:32:29 +0000},
	Journal = {Trabajos de Geolog{\'\i}a de la Universidad de Oviedo},
	Pages = {95--127},
	Title = {El Paleozoico de la Zona Cant{\'a}brica Oriental (Noroeste de Espa{\~n}a)},
	Volume = {11},
	Year = {1981}}

@incollection{Heredia90,
	Address = {Berlin},
	Author = {Heredia, N., and Rodr{\'\i}guez-Fernandez, L.R and Wagner, R. H.},
	Booktitle = {Pre-Mesozoic geology of Iberia},
	Date-Added = {2016-10-25 14:12:39 +0000},
	Date-Modified = {2016-10-25 14:14:44 +0000},
	Editor = {Dallmeyer, R.D., and Mart{\'\i}nez-Garc{\'\i}a, E.},
	Pages = {33--38},
	Publisher = {Springer-Verlag},
	Title = { Carboniferous of the Palentine zone}}

@article{Perez88,
	Author = {P{\'e}rez-Esta{\'u}n, A. and Bastida, F. and Alonso, J.L. and Marqu{\'\i}nez, J. and Aller, J. and {\'A}lvarez-Marr{\'o}n, J. and Marcos, A. and Pulgar, J.A. },
	Date-Added = {2016-10-25 14:05:51 +0000},
	Date-Modified = {2016-10-25 14:08:03 +0000},
	Journal = {Tectonics},
	Pages = {517--537},
	Title = {A thin- skinned tectonics model for an arcuate fold and thrust belt: the Cantabrian Zone (Variscan Ibero--Armorican Arc). },
	Volume = {7},
	Year = {1988}}

@article{Julivert71,
	Author = {Julivert, M. },
	Date-Added = {2016-10-25 14:04:03 +0000},
	Date-Modified = {2016-10-25 14:05:08 +0000},
	Journal = {Am. J. Sci.},
	Pages = {1-29.},
	Title = {D{\'e}collement tectonics in the Hercynian cordillera of northwest Spain},
	Volume = {270}}

@incollection{Machel04,
	Author = {Machel, H.G.},
	Booktitle = {The geometry and petrogenesis of dolomite hydrocarbon reservoirs},
	Date-Added = {2016-10-25 09:36:06 +0000},
	Date-Modified = {2016-10-25 09:37:48 +0000},
	Editor = {C. J.R. Braithwaite and G. Rizzi and G. Darke},
	Pages = {7-63},
	Publisher = {Geological Society of London Special Publication},
	Title = {Concept and models of dolomitization},
	Volume = {235},
	Year = {2004}}

@article{Gregg85,
	Author = {Gregg, J.M.},
	Date-Added = {2016-10-25 09:33:14 +0000},
	Date-Modified = {2016-10-25 09:34:12 +0000},
	Journal = {Geology},
	Pages = {503-506},
	Title = {Regional epigenetic dolomitization in the Bonneterre Dolomite (Cambrian), southeestern Missouri},
	Volume = {13},
	Year = {1985}}

@incollection{Goldstein03,
	Author = {Goldstein, R.H.},
	Booktitle = {Fluid inclusions: Analysis and Interpretation},
	Date-Added = {2016-10-25 09:30:21 +0000},
	Date-Modified = {2016-10-25 09:32:35 +0000},
	Editor = {I. Samson and A. Anderson and D. Marshall},
	Pages = {9-53},
	Publisher = {Mineralogical Association of Canada},
	Title = {Petrographic analysis of fluid inclusions},
	Type = {Short Course Series},
	Volume = {32},
	Year = {2003}}

@article{Folk75,
	Author = {Folk R.L., Land, L.S.},
	Date-Added = {2016-10-25 09:29:02 +0000},
	Date-Modified = {2016-10-25 09:29:50 +0000},
	Journal = {Bulletin of American Association of Petroleum Geologists},
	Pages = {60-68},
	Title = {Mg/Ca ratio and salinity, two controls over crystallization of dolomite},
	Volume = {59},
	Year = {1975}}

@article{Land85,
	Author = {Land, L.S.},
	Date-Added = {2016-10-25 09:25:25 +0000},
	Date-Modified = {2016-10-25 09:26:09 +0000},
	Journal = {Journal of Geological Education},
	Pages = {87-110},
	Title = {The origin of massive dolomite},
	Volume = {33},
	Year = {(1985}}

@article{Long65,
	Author = {Long, J.V.P. and Agrell, S.O.},
	Date-Added = {2016-10-25 09:22:15 +0000},
	Date-Modified = {2016-10-25 09:23:29 +0000},
	Journal = {Mineralogical Magazine},
	Pages = {318-325},
	Title = {The cathodoluminescence of minerals in thin section},
	Volume = {34},
	Year = {1965}}

@incollection{Luque90,
	Author = {Luque, C. and Mart{\'\i}nez Garc{\'\i}a, E. and Ruiz, F.},
	Booktitle = {Pre-mesozoic Geology of Iberia},
	Date-Added = {2016-10-25 09:16:06 +0000},
	Date-Modified = {2016-10-25 09:24:28 +0000},
	Editor = {R. D. Dallmayer and E. Martinez-Garcia},
	Pages = {80-87},
	Publisher = {Springer Verlag, Berlin},
	Title = {The Cantabrian Zone. Metallogenesis},
	Year = {1990}}

@article{Bahamonde00,
	Author = {Juan R. Bahamonde and Carmen Vera and Juan R. Colmenero},
	Date-Added = {2016-10-24 09:56:57 +0000},
	Date-Modified = {2016-10-24 09:58:53 +0000},
	Journal = {Sedimentology},
	Pages = {645-664},
	Title = {A steep-fronted Carboniferous carbonate platform: clinoformal geometry and lithofacies (Picos de Europa, NW Spain)},
	Volume = {47},
	Year = {2000}}

@article{Gaspa03,
	Author = {Marta Gasparrini and Ronald J. Bakker and Thilo Bechst{\"a}dt and Maria Boni},
	Date-Added = {2016-10-24 09:50:11 +0000},
	Date-Modified = {2016-10-24 09:51:36 +0000},
	Journal = {Journal of Geochemical Exploration},
	Pages = {501-507},
	Title = {Hot dolomites in a Variscan foreland belt: hydrothermal flow in the Cantabrian Zone (NW Spain)},
	Volume = {78-79},
	Year = {2003}}

@article{Bastida04,
	Author = {Fernando Bastida and Silvia Blanco-Ferrera and Susana Garcia-Lopez and Javier Sanz-Lopez and M. Luz Valin},
	Date-Added = {2016-10-24 09:49:44 +0000},
	Date-Modified = {2016-10-24 09:56:43 +0000},
	Journal = {Geol. Mag.},
	Pages = {617-628},
	Title = {Transition from diagenesis to metamorphism in a calcareous tectonic unit of the Iberian Variscan belt (central massif of the Picos de Europa, NW Spain)},
	Volume = {141},
	Year = {2004}}

@article{Lapponi07b,
	Author = {Fabio Lapponi and Ronald J. Bakker and Thilo Bechst{\"a}dt},
	Date-Added = {2016-10-24 09:45:26 +0000},
	Date-Modified = {2016-10-24 09:52:07 +0000},
	Journal = {Terra Nova},
	Pages = {440-444},
	Title = {Low temperature behaviour of natural saline fluid inclusions in saddle dolomite (Paleozoic, NW Spain)},
	Volume = {19},
	Year = {2007}}

@phdthesis{Lapponi07,
	Author = {Fabio Lapponi},
	Date-Added = {2016-10-24 09:30:10 +0000},
	Date-Modified = {2016-10-24 09:45:24 +0000},
	Month = {September},
	School = {Ruprecht Karls Universit{\"a}t Heidelberg},
	Title = {Late burial, hydrothermal dolomitization of the Cambrian L{\'a}ncara Fm., Cantabrian Zone (NW Spain): origin of the dolomitizing fluids and relation to the geodynamic setting},
	Year = {2007}}

@article{Lapponi13,
	Author = {Fabio Lapponi and Thilo Bechst{\"a}dt and Maria Boni and David Banks and Jens Schneider},
	Date-Added = {2016-10-24 09:21:14 +0000},
	Date-Modified = {2016-10-24 09:53:56 +0000},
	Journal = {Sedimentology},
	Pages = {411-443},
	Title = {Hydrothermal dolomitization in a complex geodynamic setting (Lower Palaeozoic, northern Spain)},
	Volume = {61},
	Year = {2014}}

@article{Gaspa06b,
	Author = {Marta Gasparrini and Thilo Bechst{\"a}dt and Maria Boni},
	Date-Added = {2016-10-24 09:19:03 +0000},
	Date-Modified = {2016-10-24 09:48:52 +0000},
	Journal = {Marine and petroleum geology},
	Pages = {543-568},
	Title = {Massive hydrothermal dolomites in the southwestern Cantabrian Zone (Spain) and their relation to the Late Variscan evolution},
	Volume = {23},
	Year = {2006}}

@article{Gaspa06,
	Author = {Marta Gasparrini and Ronald J. Bakker and Thilo Bechst{\"a}dt},
	Date-Added = {2016-10-24 09:16:29 +0000},
	Date-Modified = {2016-10-25 09:27:05 +0000},
	Journal = {Journal of Sedimentary Research},
	Pages = {1304-1322},
	Title = {Characterisation of dolomitizing fluids in the Carboniferous of the Cantabrian Zone (NW Spain): a fluid inclusion study with cryo-Raman spectroscopy},
	Volume = {76},
	Year = {2006}}

@article{Gomez00,
	Author = {F. G{\'O}MEZ-FERN{\'A}NDEZ and R. A. BOTH and J. MANGAS and A. ARRIBAS},
	Date-Added = {2016-10-24 09:12:59 +0000},
	Date-Modified = {2016-10-24 09:49:02 +0000},
	Journal = {Economic Geology},
	Pages = {19-40},
	Rating = {3},
	Title = {Metallogenesis of Zn-Pb Carbonate-Hosted Mineralization in the Southeastern Region of the Picos de Europa (Central Northern Spain) Province: Geologic, Fluid Inclusion, and Stable Isotope Studies},
	Volume = {95},
	Year = {2000}}
